<record><leader>00000cas a22000007a 4500</leader><controlfield tag="001">19405761</controlfield><controlfield tag="008">890321c19809999gauir ne      0   a0eng d</controlfield><datafield ind1=" " ind2=" " tag="010"><subfield code="a">sn 89053241 </subfield></datafield><datafield ind1=" " ind2=" " tag="040"><subfield code="a">NLG</subfield><subfield code="b">eng</subfield><subfield code="c">NLG</subfield><subfield code="d">NSD</subfield><subfield code="d">NLG</subfield><subfield code="d">GUA</subfield><subfield code="d">OCLCQ</subfield><subfield code="d">OCLCF</subfield><subfield code="d">OCLCO</subfield></datafield><datafield ind1=" " ind2=" " tag="012"><subfield code="m">1</subfield></datafield><datafield ind1="1" ind2=" " tag="022"><subfield code="a">1047-6636</subfield><subfield code="l">1047-6636</subfield><subfield code="2">1</subfield></datafield><datafield ind1="1" ind2=" " tag="029"><subfield code="a">AU@</subfield><subfield code="b">000026228433</subfield></datafield><datafield ind1=" " ind2=" " tag="032"><subfield code="a">311680</subfield><subfield code="b">USPS</subfield></datafield><datafield ind1=" " ind2=" " tag="037"><subfield code="b">The Coastal Courier, 125 S. Main St., P.O. Box 498, Hinesville, GA 31313</subfield></datafield><datafield ind1=" " ind2=" " tag="042"><subfield code="a">msc</subfield><subfield code="a">nsdp</subfield></datafield><datafield ind1=" " ind2=" " tag="043"><subfield code="a">n-us-ga</subfield></datafield><datafield ind1="0" ind2=" " tag="130"><subfield code="a">Coastal courier (Hinesville, Ga.)</subfield></datafield><datafield ind1=" " ind2="4" tag="222"><subfield code="a">The Coastal courier</subfield><subfield code="b">(Hinesville, Ga.)</subfield></datafield><datafield ind1="0" ind2="4" tag="245"><subfield code="a">The Coastal courier.</subfield></datafield><datafield ind1=" " ind2=" " tag="260"><subfield code="a">Hinesville, Ga. :</subfield><subfield code="b">MNC,</subfield><subfield code="c">[1980]-</subfield></datafield><datafield ind1=" " ind2=" " tag="300"><subfield code="a">v.</subfield></datafield><datafield ind1=" " ind2=" " tag="310"><subfield code="a">3 times a week,</subfield><subfield code="b">&lt;Oct. 29, 1989-&gt;</subfield></datafield><datafield ind1=" " ind2=" " tag="321"><subfield code="a">Semiweekly,</subfield><subfield code="b">Oct. 2, 1984-Nov. 30, 1984</subfield></datafield><datafield ind1="0" ind2=" " tag="362"><subfield code="a">Vol. 112, no. 1 (Oct. 2, 1980)-</subfield></datafield><datafield ind1=" " ind2=" " tag="530"><subfield code="a">Also on microfilm: Athens, Ga. : University of Georgia Libraries.</subfield></datafield><datafield ind1=" " ind2=" " tag="580"><subfield code="a">Formed by the union of: Bryan County news, and: Liberty County herald.</subfield></datafield><datafield ind1=" " ind2="0" tag="651"><subfield code="a">Hinesville (Ga.)</subfield><subfield code="v">Newspapers.</subfield></datafield><datafield ind1=" " ind2="0" tag="651"><subfield code="a">Liberty County (Ga.)</subfield><subfield code="v">Newspapers.</subfield></datafield><datafield ind1=" " ind2="7" tag="655"><subfield code="a">Newspapers.</subfield><subfield code="2">fast</subfield><subfield code="0">(OCoLC)fst01423814</subfield></datafield><datafield ind1=" " ind2="7" tag="651"><subfield code="a">Georgia</subfield><subfield code="z">Hinesville.</subfield><subfield code="2">fast</subfield><subfield code="0">(OCoLC)fst01217820</subfield></datafield><datafield ind1=" " ind2="7" tag="651"><subfield code="a">Georgia</subfield><subfield code="z">Liberty County.</subfield><subfield code="2">fast</subfield><subfield code="0">(OCoLC)fst01206492</subfield></datafield><datafield ind1=" " ind2=" " tag="752"><subfield code="a">United States</subfield><subfield code="b">Georgia</subfield><subfield code="c">Liberty</subfield><subfield code="d">Hinesville.</subfield></datafield><datafield ind1="1" ind2="4" tag="780"><subfield code="t">Bryan County news</subfield><subfield code="w">(DLC)sn 90052174</subfield><subfield code="w">(OCoLC)21743030</subfield></datafield><datafield ind1="1" ind2="4" tag="780"><subfield code="t">Liberty County herald</subfield><subfield code="w">(DLC)sn 89053240</subfield><subfield code="w">(OCoLC)19405777</subfield></datafield><datafield ind1="0" ind2="5" tag="780"><subfield code="t">Hinesville star</subfield><subfield code="w">(DLC)sn 90052173(OCoLC)21434328</subfield></datafield><datafield ind1=" " ind2=" " tag="936"><subfield code="a">121st year, no. 89 (Oct. 29, 1989) LIC</subfield></datafield></record>